@article{cui2024llmind,
  title={LLMind: Orchestrating AI and IoT with LLM for Complex Task Execution},
  author={Cui, Hongwei and Du, Yuyang and Yang, Qun and Shao, Yulin and Liew, Soung Chang},
  journal={IEEE Communications Magazine},
  year={2024},
  publisher={IEEE}
}

@article{xiao2024efficient,
  title={Efficient Prompting for LLM-based Generative Internet of Things},
  author={Xiao, Bin and Kantarci, Burak and Kang, Jiawen and Niyato, Dusit and Guizani, Mohsen},
  journal={arXiv preprint arXiv:2406.10382},
  year={2024}
}

@article{gao2024guiding,
  title={Guiding IoT-Based Healthcare Alert Systems with Large Language Models},
  author={Gao, Yulan and Ye, Ziqiang and Xiao, Ming and Xiao, Yue and Kim, Dong In},
  journal={arXiv preprint arXiv:2408.13071},
  year={2024}
}

@inproceedings{sarabi2023llm,
  title={An llm-based framework for fingerprinting internet-connected devices},
  author={Sarabi, Armin and Yin, Tongxin and Liu, Mingyan},
  booktitle={Proceedings of the 2023 ACM on Internet Measurement Conference},
  pages={478--484},
  year={2023}
}

@article{thandi2024revolutionizing,
  title={Revolutionizing Cyber Threat Detection With Large Language Models: A Privacy-Preserving BERT-Based Lightweight Model for IoT/IIoT Devices},
  author={THANDI, NARINDERJIT SINGH},
  year={2024}
}

@article{shirali2024llm,
  title={LLM-based event abstraction and integration for IoT-sourced logs},
  author={Shirali, Mohsen and Sani, Mohammadreza Fani and Ahmadi, Zahra and Serral, Estefania},
  journal={arXiv preprint arXiv:2409.03478},
  year={2024}
}

@article{ullah2024role,
  title={The role of llms in sustainable smart cities: Applications, challenges, and future directions},
  author={Ullah, Amin and Qi, Guilin and Hussain, Saddam and Ullah, Irfan and Ali, Zafar},
  journal={arXiv preprint arXiv:2402.14596},
  year={2024}
}

@article{zuo2024federated,
  title={Federated TrustChain: Blockchain-Enhanced LLM Training and Unlearning},
  author={Zuo, Xuhan and Wang, Minghao and Zhu, Tianqing and Zhang, Lefeng and Ye, Dayong and Yu, Shui and Zhou, Wanlei},
  journal={arXiv preprint arXiv:2406.04076},
  year={2024}
}
@article{kalita2024large,
  title={Large Language Models (LLMs) for Semantic Communication in Edge-based IoT Networks},
  author={Kalita, Alakesh},
  journal={arXiv preprint arXiv:2407.20970},
  year={2024}
}
@article{mohamed2024efficient,
  title={An Efficient SuperHyperSoft Framework for Evaluating LLMs-based Secure Blockchain Platforms},
  author={Mohamed, Mona and Elmor, Alaa and Smarandache, Florentin and Metwaly, Ahmed A},
  journal={Neutrosophic Sets and Systems},
  volume={72},
  pages={1--21},
  year={2024}
}

@article{al2021iot,
  title={IoT network design using open-source LoRa coverage emulator},
  author={Al Homssi, Bassel and Dakic, Kosta and Maselli, Simon and Wolf, Hans and Kandeepan, Sithamparanathan and Al-Hourani, Akram},
  journal={IEEE access},
  volume={9},
  pages={53636--53646},
  year={2021},
  publisher={IEEE}
}

@article{zhang2024prototypical,
  title={Prototypical Reward Network for Data-Efficient RLHF},
  author={Zhang, Jinghan and Wang, Xiting and Jin, Yiqiao and Chen, Changyu and Zhang, Xinhao and Liu, Kunpeng},
  journal={arXiv preprint arXiv:2406.06606},
  year={2024}
}

@article{sheng2024slora,
  title={SLoRA: Scalable Serving of Thousands of LoRA Adapters},
  author={Sheng, Ying and Cao, Shiyi and Li, Dacheng and Hooper, Coleman and Lee, Nicholas and Yang, Shuo and Chou, Christopher and Zhu, Banghua and Zheng, Lianmin and Keutzer, Kurt and others},
  journal={Proceedings of Machine Learning and Systems},
  volume={6},
  pages={296--311},
  year={2024}
}