@article{clar:eke2,
  author   = {{Clarke}, F. and {Ekeland}, I.},
  title    = {{Nonlinear oscillations and boundary-value problems for Hamiltonian systems.}},
  journal  = {Arch. Rat. Mech. Anal.},
  year     = 1982,
  volume   = 78,
  pages    = {315-333},
  tjaanote = {Prepared for TJAA example. Note: Even though each keyword=value ends with comma in previous lines, this line doesnt.}
}

@article{cui2024llmind,
  title     = {LLMind: Orchestrating AI and IoT with LLM for Complex Task Execution},
  author    = {Cui, Hongwei and Du, Yuyang and Yang, Qun and Shao, Yulin and Liew, Soung Chang},
  journal   = {IEEE Communications Magazine},
  year      = {2024},
  publisher = {IEEE}
}

@article{xiao2024efficient,
  title   = {Efficient Prompting for LLM-based Generative Internet of Things},
  author  = {Xiao, Bin and Kantarci, Burak and Kang, Jiawen and Niyato, Dusit and Guizani, Mohsen},
  journal = {arXiv preprint arXiv:2406.10382},
  year    = {2024}
}

@article{gao2024guiding,
  title   = {Guiding IoT-Based Healthcare Alert Systems with Large Language Models},
  author  = {Gao, Yulan and Ye, Ziqiang and Xiao, Ming and Xiao, Yue and Kim, Dong In},
  journal = {arXiv preprint arXiv:2408.13071},
  year    = {2024}
}

@inproceedings{sarabi2023llm,
  title     = {An llm-based framework for fingerprinting internet-connected devices},
  author    = {Sarabi, Armin and Yin, Tongxin and Liu, Mingyan},
  booktitle = {Proceedings of the 2023 ACM on Internet Measurement Conference},
  pages     = {478--484},
  journal   = {},
  year      = {2023}
}

@article{thandi2024revolutionizing,
  title   = {Revolutionizing Cyber Threat Detection With Large Language Models: A Privacy-Preserving BERT-Based Lightweight Model for IoT/IIoT Devices},
  author  = {THANDI, NARINDERJIT SINGH},
  journal = {IEEE access},
  year    = {2024}
}

@article{shirali2024llm,
  title   = {LLM-based event abstraction and integration for IoT-sourced logs},
  author  = {Shirali, Mohsen and Sani, Mohammadreza Fani and Ahmadi, Zahra and Serral, Estefania},
  journal = {arXiv preprint arXiv:2409.03478},
  year    = {2024}
}

@article{ullah2024role,
  title   = {The role of llms in sustainable smart cities: Applications, challenges, and future directions},
  author  = {Ullah, Amin and Qi, Guilin and Hussain, Saddam and Ullah, Irfan and Ali, Zafar},
  journal = {arXiv preprint arXiv:2402.14596},
  year    = {2024}
}

@article{zuo2024federated,
  title   = {Federated TrustChain: Blockchain-Enhanced LLM Training and Unlearning},
  author  = {Zuo, Xuhan and Wang, Minghao and Zhu, Tianqing and Zhang, Lefeng and Ye, Dayong and Yu, Shui and Zhou, Wanlei},
  journal = {arXiv preprint arXiv:2406.04076},
  year    = {2024}
}
@article{kalita2024large,
  title   = {Large Language Models (LLMs) for Semantic Communication in Edge-based IoT Networks},
  author  = {Kalita, Alakesh},
  journal = {arXiv preprint arXiv:2407.20970},
  year    = {2024}
}
@article{mohamed2024efficient,
  title   = {An Efficient SuperHyperSoft Framework for Evaluating LLMs-based Secure Blockchain Platforms},
  author  = {Mohamed, Mona and Elmor, Alaa and Smarandache, Florentin and Metwaly, Ahmed A},
  journal = {Neutrosophic Sets and Systems},
  volume  = {72},
  pages   = {1--21},
  year    = {2024}
}

@article{al2021iot,
  title     = {IoT network design using open-source LoRa coverage emulator},
  author    = {Al Homssi, Bassel and Dakic, Kosta and Maselli, Simon and Wolf, Hans and Kandeepan, Sithamparanathan and Al-Hourani, Akram},
  journal   = {IEEE access},
  volume    = {9},
  pages     = {53636--53646},
  year      = {2021},
  publisher = {IEEE}
}

@article{zhang2024prototypical,
  title   = {Prototypical Reward Network for Data-Efficient RLHF},
  author  = {Zhang, Jinghan and Wang, Xiting and Jin, Yiqiao and Chen, Changyu and Zhang, Xinhao and Liu, Kunpeng},
  journal = {arXiv preprint arXiv:2406.06606},
  year    = {2024}
}

@article{sheng2024slora,
  title   = {SLoRA: Scalable Serving of Thousands of LoRA Adapters},
  author  = {Sheng, Ying and Cao, Shiyi and Li, Dacheng and Hooper, Coleman and Lee, Nicholas and Yang, Shuo and Chou, Christopher and Zhu, Banghua and Zheng, Lianmin and Keutzer, Kurt and others},
  journal = {Proceedings of Machine Learning and Systems},
  volume  = {6},
  pages   = {296--311},
  year    = {2024}
}

@article{DBLP:journals/corr/abs-2106-09685,
  author     = {Edward J. Hu and
                Yelong Shen and
                Phillip Wallis and
                Zeyuan Allen{-}Zhu and
                Yuanzhi Li and
                Shean Wang and
                Weizhu Chen},
  title      = {LoRA: Low-Rank Adaptation of Large Language Models},
  journal    = {CoRR},
  volume     = {abs/2106.09685},
  year       = {2021},
  url        = {https://arxiv.org/abs/2106.09685},
  eprinttype = {arXiv},
  eprint     = {2106.09685},
  timestamp  = {Tue, 29 Jun 2021 16:55:04 +0200},
  biburl     = {https://dblp.org/rec/journals/corr/abs-2106-09685.bib},
  bibsource  = {dblp computer science bibliography, https://dblp.org}
}

@article{DBLP:journals/corr/abs-2009-01325,
  author     = {Nisan Stiennon and
                Long Ouyang and
                Jeff Wu and
                Daniel M. Ziegler and
                Ryan Lowe and
                Chelsea Voss and
                Alec Radford and
                Dario Amodei and
                Paul F. Christiano},
  title      = {Learning to summarize from human feedback},
  journal    = {CoRR},
  volume     = {abs/2009.01325},
  year       = {2020},
  url        = {https://arxiv.org/abs/2009.01325},
  eprinttype = {arXiv},
  eprint     = {2009.01325},
  timestamp  = {Thu, 01 Apr 2021 19:06:51 +0200},
  biburl     = {https://dblp.org/rec/journals/corr/abs-2009-01325.bib},
  bibsource  = {dblp computer science bibliography, https://dblp.org}
}

@article{DBLP:journals/corr/ShazeerMMDLHD17,
  author     = {Noam Shazeer and
                Azalia Mirhoseini and
                Krzysztof Maziarz and
                Andy Davis and
                Quoc V. Le and
                Geoffrey E. Hinton and
                Jeff Dean},
  title      = {Outrageously Large Neural Networks: The Sparsely-Gated Mixture-of-Experts
                Layer},
  journal    = {CoRR},
  volume     = {abs/1701.06538},
  year       = {2017},
  url        = {http://arxiv.org/abs/1701.06538},
  eprinttype = {arXiv},
  eprint     = {1701.06538},
  timestamp  = {Mon, 13 Aug 2018 16:46:11 +0200},
  biburl     = {https://dblp.org/rec/journals/corr/ShazeerMMDLHD17.bib},
  bibsource  = {dblp computer science bibliography, https://dblp.org}
}

@article{Reuer_2022,
  title     = {Realization of a Universal Quantum Gate Set for Itinerant Microwave Photons},
  volume    = {12},
  issn      = {2160-3308},
  url       = {http://dx.doi.org/10.1103/PhysRevX.12.011008},
  doi       = {10.1103/physrevx.12.011008},
  number    = {1},
  journal   = {Physical Review X},
  publisher = {American Physical Society (APS)},
  author    = {Reuer, Kevin and Besse, Jean-Claude and Wernli, Lucien and Magnard, Paul and Kurpiers, Philipp and Norris, Graham J. and Wallraff, Andreas and Eichler, Christopher},
  year      = {2022},
  month     = jan
}

@article{alharbi2022novel,
  title={A novel federated learning based lightweight sustainable IoT approach to identify abnormal traffic},
  author={Alharbi, Yasser},
  journal={International Journal of Pervasive Computing and Communications},
  year={2022},
  publisher={Emerald Publishing Limited}
}


@INPROCEEDINGS{9034736,
  author={Hao, Chen and Hengyu, Liu and Xuchen, Lu and Defu, Wei and Tie, Guo and Wei, Wang},
  booktitle={2019 4th International Conference on Power and Renewable Energy (ICPRE)}, 
  title={Research on Distribution Network Optimization with Distributed Generation}, 
  year={2019},
  volume={},
  number={},
  pages={65-69},
  keywords={Distributed power generation;Optimization;Distribution networks;Power system stability;Power supplies;Load flow;Encoding;distributed power;distribution network;extremal optimization;active power loss},
  doi={10.1109/ICPRE48497.2019.9034736}
}

@misc{brown2020languagemodelsfewshotlearners,
      title={Language Models are Few-Shot Learners}, 
      author={Tom B. Brown and Benjamin Mann and Nick Ryder and Melanie Subbiah and Jared Kaplan and Prafulla Dhariwal and Arvind Neelakantan and Pranav Shyam and Girish Sastry and Amanda Askell and Sandhini Agarwal and Ariel Herbert-Voss and Gretchen Krueger and Tom Henighan and Rewon Child and Aditya Ramesh and Daniel M. Ziegler and Jeffrey Wu and Clemens Winter and Christopher Hesse and Mark Chen and Eric Sigler and Mateusz Litwin and Scott Gray and Benjamin Chess and Jack Clark and Christopher Berner and Sam McCandlish and Alec Radford and Ilya Sutskever and Dario Amodei},
      year={2020},
      eprint={2005.14165},
      archivePrefix={arXiv},
      primaryClass={cs.CL},
      url={https://arxiv.org/abs/2005.14165}, 
}

@misc{stiennon2022learningsummarizehumanfeedback,
      title={Learning to summarize from human feedback}, 
      author={Nisan Stiennon and Long Ouyang and Jeff Wu and Daniel M. Ziegler and Ryan Lowe and Chelsea Voss and Alec Radford and Dario Amodei and Paul Christiano},
      year={2022},
      eprint={2009.01325},
      archivePrefix={arXiv},
      primaryClass={cs.CL},
      url={https://arxiv.org/abs/2009.01325}, 
}

@misc{hu2021loralowrankadaptationlarge,
      title={LoRA: Low-Rank Adaptation of Large Language Models}, 
      author={Edward J. Hu and Yelong Shen and Phillip Wallis and Zeyuan Allen-Zhu and Yuanzhi Li and Shean Wang and Lu Wang and Weizhu Chen},
      year={2021},
      eprint={2106.09685},
      archivePrefix={arXiv},
      primaryClass={cs.CL},
      url={https://arxiv.org/abs/2106.09685}, 
}